<?xml version="1.0" encoding="UTF-8"?><collection xmlns="http://www.loc.gov/MARC21/slim"><record><leader>00355nam--2200133-i-4500</leader><controlfield tag="001">000011722</controlfield><controlfield tag="002">20161230</controlfield><controlfield tag="005">20161230201029</controlfield><controlfield tag="008">060222s1000------------r-----000-0-eng-d</controlfield><datafield ind1=" " ind2=" " tag="100"><subfield code="a">Cullity, B.D</subfield></datafield><datafield ind1=" " ind2=" " tag="245"><subfield code="a">Introduction to magnetic materials</subfield></datafield><datafield ind1=" " ind2=" " tag="260"><subfield code="a">Reading, Addison-wesley Publ.Co., 1972</subfield></datafield><datafield ind1=" " ind2=" " tag="490"><subfield code="a">Xvii+666p</subfield></datafield><datafield ind1=" " ind2=" " tag="852"><subfield code="a">537.6:537.622:621.318.1/(07)</subfield></datafield></record></collection>